<?xml version="1.0" encoding="UTF-8"?><collection xmlns="http://www.loc.gov/MARC21/slim"><record><leader>00498nam--2200193-i-4500</leader><controlfield tag="001">000001702</controlfield><controlfield tag="002">20161230</controlfield><controlfield tag="005">20161230201024</controlfield><controlfield tag="008">060222s1000------------r-----000-0-fre-d</controlfield><datafield ind1=" " ind2=" " tag="040"><subfield code="a">IFIN-HH</subfield></datafield><datafield ind1=" " ind2=" " tag="041"><subfield code="a">fre</subfield></datafield><datafield ind1=" " ind2=" " tag="080"><subfield code="a">536.7</subfield></datafield><datafield ind1="1" ind2=" " tag="100"><subfield code="a">Doucet, Y</subfield></datafield><datafield ind1="1" ind2="0" tag="245"><subfield code="a">Cours de thermodynamique</subfield><subfield code="b">1er cycle 2e annee m.p., p.c</subfield><subfield code="c">Y. doucet</subfield></datafield><datafield ind1=" " ind2=" " tag="260"><subfield code="a">Paris</subfield><subfield code="b">Dunod</subfield><subfield code="c">1967</subfield></datafield><datafield ind1=" " ind2=" " tag="300"><subfield code="a">XIII + 237 P</subfield></datafield><datafield ind1=" " ind2=" " tag="490"><subfield code="a">Collection Dunod Universite</subfield></datafield><datafield ind1=" " ind2=" " tag="852"><subfield code="a">35835</subfield><subfield code="c">536.7</subfield></datafield><datafield ind1=" " ind2=" " tag="CAT"><subfield code="a">Sys</subfield><subfield code="c">20110517</subfield><subfield code="h">150559</subfield></datafield></record></collection>